
@article{marques2016,
	title = {A survey and comparison of several friction force models for dynamic analysis of multibody mechanical systems},
	volume = {86},
	issn = {0924-090X, 1573-269X},
	url = {http://link.springer.com/10.1007/s11071-016-2999-3},
	doi = {10.1007/s11071-016-2999-3},
	pages = {1407--1443},
	number = {3},
	journaltitle = {Nonlinear Dynamics},
	shortjournal = {Nonlinear Dyn},
	author = {Marques, Filipe and Flores, Paulo and Pimenta Claro, J. C. and Lankarani, Hamid M.},
	urldate = {2024-01-22},
	date = {2016-11},
	langid = {english},
}

@article{pennestri2016,
	title = {Review and comparison of dry friction force models},
	volume = {83},
	issn = {0924-090X, 1573-269X},
	url = {http://link.springer.com/10.1007/s11071-015-2485-3},
	doi = {10.1007/s11071-015-2485-3},
	pages = {1785--1801},
	number = {4},
	journaltitle = {Nonlinear Dynamics},
	shortjournal = {Nonlinear Dyn},
	author = {Pennestr√¨, Ettore and Rossi, Valerio and Salvini, Pietro and Valentini, Pier Paolo},
	urldate = {2024-01-22},
	date = {2016-03},
	langid = {english},
}
